@article{allcott2017social,
  title={Social Media and Fake News in the 2016 Election},
  author={Allcott, Hunt and Gentzkow, Matthew},
  journal={Journal of Economic Perspectives},
  volume={31},
  number={2},
  pages={211--236},
  year={2017},
  publisher={American Economic Association},
  doi={10.1257/jep.31.2.211}
}

@inproceedings{conroy2015automatic,
  title={Automatic Deception Detection: Methods for Finding Fake News},
  author={Conroy, Nicole K and Rubin, Victoria L and Chen, Yimin},
  booktitle={Proceedings of the Association for Information Science and Technology},
  volume={52},
  number={1},
  pages={1--4},
  year={2015},
  organization={Association for Information Science and Technology},
  doi={10.1002/pra2.2015.145052010082}
}

@inproceedings{horne2017fake,
  title={This Just In: Fake News Packs a Lot in Title, Uses Simpler, Repetitive Content in Text Body, More Similar to Satire than Real News},
  author={Horne, Benjamin D and Adali, Sibel},
  booktitle={Proceedings of the International AAAI Conference on Web and Social Media},
  volume={11},
  number={1},
  year={2017},
  url={https://ojs.aaai.org/index.php/ICWSM/article/view/14878}
}

@inproceedings{ruchansky2017csi,
  title={CSI: A Hybrid Deep Model for Fake News Detection},
  author={Ruchansky, Natali and Seo, Sungyong and Liu, Yan},
  booktitle={Proceedings of the 2017 ACM on Conference on Information and Knowledge Management},
  pages={797--806},
  year={2017},
  organization={ACM},
  doi={10.1145/3132847.3132877}
}

@inproceedings{shu2017exploiting,
  title={Exploiting Tri-Relationship for Fake News Detection},
  author={Shu, Kai and Wang, Suhang and Liu, Huan},
  booktitle={Proceedings of the 26th ACM International Conference on Information and Knowledge Management},
  pages={2017--2026},
  year={2017},
  organization={ACM},
  doi={10.1145/3132847.3132877}
}

@article{zhou2018survey,
  title={Fake News: A Survey of Research, Detection Methods, and Opportunities},
  author={Zhou, Xinyi and Zafarani, Reza},
  journal={arXiv preprint arXiv:1812.00315},
  year={2018},
  url={https://arxiv.org/abs/1812.00315}
}
